@misc{flutter,
   month = jan,
    author = "{Google Flutter}",
    title = {{Flutter Documentation}},
    note = {\url{https://flutter.dev/docs} [accessed on 14 January 2020]},
    year = {2020}
}

@misc{flutter-wiki,
   month = jan,
    author = {Wikipedia contributors},
    title = {{Flutter (software)}},
    note = {\url{https://en.wikipedia.org/wiki/Flutter_(software)} [accessed on 14 January 2020]},
    year = {2020}
}

@misc{flutter-ui,
   month = jan,
    author = "{Google Codelabs}",
    title = {{Building Beautiful UIs with Flutter}},
    note = {\url{https://codelabs.developers.google.com/codelabs/flutter} [accessed on 30 January 2020},
    year = {2019}
}

@misc{flutter-tutorial,
   month = jan,
    author = "{Flutter Institute}",
    title = {{Strona Flutter Institute}},
    note = {\url{https://flutter.institute} [accessed on 30 January 2020},
    year = {2019}
}

@misc{dart,
   month = jan,
    author = "{Google Dart}",
    title = {{Strona języka Dart}},
    note = {\url{https://www.dartlang.org} [accessed on 30 January 2020},
    year = {2019}
}

@misc{dart-wiki,
   month = dec,
    author = "{Wikipedia contributors}",
    title = {{Dart (programming language)}},
    note = {\url{https://en.wikipedia.org/wiki/Dart_(programming_language)} [accessed on 14 January 2020]},
    year = {2019}
}

@misc{sqlite,
   month = jan,
    author = "{SQLite Consortium}",
    title = {{SQLite Documentation}},
    note = {\url{https://www.sqlite.org/docs.html} [accessed on 30 January 2020},
    year = {2019}
}

@misc{sqlite-wiki,
   month = dec,
    author = "{Wikipedia contributors}",
    title = {{SQLite}},
    note = {\url{https://en.wikipedia.org/wiki/SQLite} [accessed on 14 January 2020]},
    year = {2019}
}

@misc{yaml,
   month = jan,
    author = "{Oren Ben-Kiki, Clark Evans, Ingy döt Net}",
    title = {{YAML Ain’t Markup Language (YAML™) Version 1.2}},
    note = {\url{https://yaml.org/spec/1.2/spec.html} [accessed on 30 January 2020},
    year = {2009}
}

@misc{android-studio,
   month = jan,
    author = "{Wikipedia contributors}",
    title = {{Android Studio}},
    note = {\url{https://en.wikipedia.org/wiki/Android_Studio} [accessed on 14 January 2020]},
    year = {2020}
}

@misc{jolt,
   month = sep,
    title = {{Jolt GitHub Repository}},
    note = {\url{https://github.com/bazaarvoice/jolt} [accessed on 21 January 2020]},
    year = {2019}
}

@misc{bloc-pattern,
    month = sep,
    author = "Adaware Oghenero",
    title = {{Understanding Flutter Bloc Pattern}},
    note = {\url{https://blog.soshace.com/understanding-flutter-bloc-pattern/} [accessed on 30 January 2020]},
    year = {2019}
}


@misc{java-wiki,
    month = jan,
    author = "{Wikipedia contributors}",
    title = {{Java (programming language)}},
    note = {\url{https://docs.oracle.com/en/java/javase/13/} [accessed on 1 February 2020]},
    year = {2020}
}

@misc{java,
    month = jan,
    author = "{Oracle}",
    title = {{JDK 13 Documentation}},
    note = {\url{https://en.wikipedia.org/wiki/Java_(programming_language)} [accessed on 1 February 2020]},
    year = {2020}
}

@misc{json,
    title = {{Introducing JSON}},
    note = {\url{https://www.json.org/json-en.html} [accessed on 1 February 2020]},
}

@misc{mockserver,
    month = jan,
    author = {James D Bloom},
    title = {{MockServer}},
    note = {\url{http://www.mock-server.com/} [accessed on 1 February 2020]},
    year = "2020"
}

@misc{docker,
    author = "{Docker Inc.}",
    title = {{Docker Documentation}},
    note = {\url{https://docs.docker.com/} [accessed on 1 February 2020]},
    year = "2019"
}

@misc{docker-compose,
    author = "{Docker Inc.}",
    title = {{Overview of Docker Compose}},
    note = {\url{https://docs.docker.com/compose/} [accessed on 1 February 2020]},
    year = "2019"
}

@misc{spring,
    month = jan,
    author = "{Pivotal Software, Inc.}",
    title = {{Spring Framework}},
    note = {\url{https://spring.io/projects/spring-framework} [accessed on 1 February 2020]},
    year = "2020"
}

@misc{spring-boot,
    month = jan,
    author = "{Pivotal Software, Inc.}",
    title = {{Spring Boot}},
    note = {\url{https://spring.io/projects/spring-boot} [accessed on 1 February 2020]},
    year = "2020"
}

@misc{spring-cloud-config,
    month = jan,
    author = "{Pivotal Software, Inc.}",
    title = {{Spring Cloud Config}},
    note = {\url{https://spring.io/projects/spring-cloud-config} [accessed on 1 February 2020]},
    year = "2020"
}

@misc{spring-mvc,
    month = jan,
    author = "{Pivotal Software, Inc.}",
    title = {{Spring - MVC Framework}},
    note = {\url{https://docs.spring.io/spring/docs/current/spring-framework-reference/web.html} [accessed on 2 February 2020]},
    year = "2020"
}

@misc{sketch,
    author = "{Sketch B.V.}",
    title = {{Sketch - The digital design toolkit}},
    note = {\url{https://www.sketch.com/} [accessed on 2 February 2020]},
    year = "2020"
}

@misc{material-design,
    author = "{Google}",
    title = {{Material Design}},
    note = {\url{https://material.io/design/} [accessed on 2 February 2020]},
    year = "2020"
}

@misc{xcode,
    author = "{Apple Inc.}",
    title = {{Xcode}},
    note = {\url{https://developer.apple.com/xcode/} [accessed on 2 February 2020]},
    year = "2020"
}

@misc{gitkraken-glo,
    author = "{Axosoft, LLC}",
    title = {{GitKraken Glo Boards}},
    note = {\url{https://www.gitkraken.com/glo} [accessed on 2 February 2020]},
    year = "2020"
}

@misc{gitflow,
    author = {Vincent Driessen},
    title = {{A successful Git branching model}},
    note = {\url{https://nvie.com/posts/a-successful-git-branching-model/} [accessed on 2 February 2020]},
    year = "2010"
}

@misc{mobilny-usos,
    month = oct,
    author = "{Uniwersytet Warszawski}",
    title = {{Aplikacja Mobilny USOS już dostępna}},
    note = {\url{https://www.uw.edu.pl/aplikacja-mobilny-usos-juz-dostepna/} [accessed on 2 February 2020]},
    year = "2018"
}

@misc{kiedy-wyklad,
    author = "{SophScope Sp. z o.o}",
    title = {{Kiedy wykład}},
    note = {\url{http://kiedywyklad.pl/} [accessed on 2 February 2020]}
}

@misc{bloc-image,
    month = aug,
    author = {Didier Boelens},
    title = {{The BLoC Pattern: From Bad to Acceptable Flutter Code}},
    note = {\url{https://www.didierboelens.com/2018/08/reactive-programming---streams---bloc/} [accessed on 2 February 2020]},
    year = "2018"
}

@misc{reactive-programming,
    month = jan,
    author = {Wikipedia contributors},
    title = {{Reactive programming}},
    note = {\url{https://en.wikipedia.org/wiki/Reactive_programming} [accessed on 2 February 2020]},
    year = "2020"
}

@misc{freelogodesign,
    author = {FreeLogoDesign.org},
    title = {{FreeLogoDesign}},
    note = {\url{https://www.freelogodesign.org/} [accessed on 3 February 2020]}
}

